@book{ELO,
  added-at = {2019-01-08T11:02:22.000+0100},
  address = {New York},
  author = {Elo, Arpad E.},
  biburl = {https://www.bibsonomy.org/bibtex/24148b608c40e521f795b8057a924b5d0/dschiffner},
  description = {Amazon.com: The Rating Of Chess Players, Past & Present (9780668047210): Arpad E Elo: Books},
  interhash = {d2e8d25f3d6bf5c5d387a8d81f15eb45},
  intrahash = {4148b608c40e521f795b8057a924b5d0},
  isbn = {0668047216 9780668047210},
  keywords = {cati},
  publisher = {Arco Pub.},
  refid = {4504131},
  timestamp = {2019-01-08T13:02:59.000+0100},
  title = {The Rating of Chessplayers, Past and Present},
  url = {http://www.amazon.com/Rating-Chess-Players-Past-Present/dp/0668047216},
  year = 1978
}

@article{toposort, 
    title={Topological Sort and Graph Traversals}, DOI={10.1002/9781119008989.ch4},
    journal={Advanced Graph Theory and Combinatorics},
    year={2016},
    pages={69â€“83}
}

@misc{WTA_data,
    title = {WTA Tennis Rankings, Results, and Stats},
    author = {Jeff Sackmann},
    url = {https://github.com/JeffSackmann/tennis_wta/blob/master/wta_matches_2018.csv}
}

@misc{ATP_data,
    title = {ATP Men's Tour},
    author = {Jordan Goblet},
    url = {https://www.kaggle.com/jordangoblet/atp-tour-20002016}
}

@misc{GLM,
    title={List of Grand Slam men's singles champions}, url={https://en.wikipedia.org/wiki/List_of_Grand_Slam_men's_singles_champions},
    journal={Wikipedia},
    publisher={Wikimedia Foundation},
    year={2021}, 
    month={Feb}
}

@misc{GLW,
    title={List of Grand Slam women's singles champions}, url={https://en.wikipedia.org/wiki/List_of_Grand_Slam_women%27s_singles_champions},
    journal={Wikipedia},
    publisher={Wikimedia Foundation},
    year={2021}, 
    month={Feb}
}